@article{pontzer2016unified,
  title={A unified theory for the energy cost of legged locomotion},
  author={Pontzer, Herman},
  journal={Biology letters},
  volume={12},
  number={2},
  pages={20150935},
  year={2016},
  publisher={The Royal Society}
}

@article{di1979equation,
  title={Equation of motion of a cyclist},
  author={di Prampero, Pietro Enrico and Cortili, G and Mognoni, P and Saibene, F},
  journal={Journal of Applied Physiology},
  volume={47},
  number={1},
  pages={201--206},
  year={1979}
}

@article{van2017r,
  title={R package gdistance: distances and routes on geographical grids},
  author={van Etten, Jacob},
  journal={Journal of Statistical Software},
  volume={76},
  pages={1--21},
  year={2017}
}

